@online{ChemgarooMagnetfelder,
  url       = {http://www.chemgapedia.de/vsengine/vlu/vsc/de/ch/11/cmt/sensoren/vlus/magnet_mess.vlu.html},
  author    = {Volker, Schubert and Volker, RÃ¶dig},
  year      = {unbekanntes Jahr},
  title     = {Messung von Magnetfeldern - Elektromagnetismus},
  urldate   = {2019-02-13}
}

@online{lokifahrer,
  url       = {http://www.lokifahrer.ch/Lukmanier/Rollmaterial/Bremse/Verschleisslos.htm},
  author    = {unbekannt},
  year      = {2015},
  title     = {Verschleisslose Bremsen},
  urldate   = {2019-02-13}
}

@online{regelungstechnik,
  author    = {Waste},
  title     = {Regelungstechnik},
  date      = {2005-11-16},
  urldate   = {2019-01-30},
  notes     = {'Waste' ist der Benutzername des Authors},
  url       = {https://rn-wissen.de/wiki/index.php?title=Regelungstechnik}
}

@online{drehmoment,
  author    = {kfzteile42},
  title     = {Funktion und Wirkungsweise der Bremse},
  urldate   = {2019-02-09},
  year      = {unbekanntes Jahr},
  url       = {https://www.kfzteile24.de/magazin/lexikon/bremse-aufbau-funktion}
}

@online{scrum_info,
  author    = {Scrum.org},
  title     = {What is Scrum?},
  urldate   = {2019-02-11},
  year      = {unbekanntes Jahr},
  url       = {https://www.scrum.org/resources/what-is-scrum}
}

@article{current_on_a_rotating_disk,
  author  ={W. R. Smythe},
  journal ={Electrical Engineering},
  title   ={On eddy currents in a rotating disk},
  year    ={1942},
  month   ={9},
  volume  ={61},
  number  ={9},
  pages   ={681-684},
  doi     ={10.1109/EE.1942.6436528},
  ISSN    ={0095-9197},
  language  = {Englisch}
}

@article{schulmaterial_regler,
  author  ={Eberli, Stephan},
  journal ={ET4 - Elektronik},
  title   ={Steuern und Regeln, unstetige Regler, stetige Regler, Regler},
  year    ={2018},
  month   ={8},
  pages   ={5-30},
  language  = {Deutsch}
}

@article{schulmaterial_magnetismus,
  author  ={Eberli, Stephan},
  journal ={ET2 - Elektrotechnik},
  title   ={Magnetismus},
  year    ={2017},
  month   ={August},
  pages   ={31-78},
  language  = {Deutsch}
}

@book{bumiller2016fachkunde,
  title     = {Fachkunde Elektrotechnik: bearbeitet von Lehrern an beruflichen Schulen und von Ingenieuren},
  author    = {Bumiller, H. and Tkotz, K. and Burgmaier, M. and Eichler, W. and Feustel, B. and K{\"a}ppel, T. and Klee, W. and Manderla, J. and Reichmann, O. and Schwarz, J. and others},
  isbn      = {9783808534359},
  series    = {Europa-Fachbuchreihe f{\"u}r elektrotechnische Berufe},
  year      = {2016},
  publisher = {Verlag Europa-Lehrmittel}
}

@book{kuchling2014taschenbuch,
  title     ={Taschenbuch der Physik},
  author    ={Kuchling, H.},
  isbn      ={9783446442184},
  year      ={2014},
  publisher ={Hanser Fachbuchverlag}
}